@book{gilman,
  title={The Pharmacological Basis of Therapeutics},
  author={Alfred Gilman and Louis S. Goodman},
  year={1996},
  publisher={New York, NY: Pergamon Press}
}

@phdthesis{PERUCH2013,
abstract = {Predicting the binding mode of flexible polypeptides to proteins is an important task that falls outside the domain of applicability of most small molecule and protein−protein docking tools. Here, we test the small molecule flexible ligand docking program Glide on a set of 19 non-$\alpha$-helical peptides and systematically improve pose prediction accuracy by enhancing Glide sampling for flexible polypeptides. In addition, scoring of the poses was improved by post-processing with physics-based implicit solvent MM- GBSA calculations. Using the best RMSD among the top 10 scoring poses as a metric, the success rate (RMSD ≤ 2.0 {\AA} for the interface backbone atoms) increased from 21{\%} with default Glide SP settings to 58{\%} with the enhanced peptide sampling and scoring protocol in the case of redocking to the native protein structure. This approaches the accuracy of the recently developed Rosetta FlexPepDock method (63{\%} success for these 19 peptides) while being over 100 times faster. Cross-docking was performed for a subset of cases where an unbound receptor structure was available, and in that case, 40{\%} of peptides were docked successfully. We analyze the results and find that the optimized polypeptide protocol is most accurate for extended peptides of limited size and number of formal charges, defining a domain of applicability for this approach.},
archivePrefix = {arXiv},
author = {{MENDES, ALINE SOUZA ; PERUCH}, MARIA DA GLORIA BUGLIONE ; and FRITZEN, MARCIO FRITZEN},
booktitle = {Journal of Chemical Information and Modeling},
doi = {10.1017/CBO9781107415324.004},
eprint = {arXiv:1011.1669v3},
keywords = {aspirina,purifica{\c{c}}{\~{a}}o,s{\'{i}}ntese qu{\'{i}}mica},
number = {9},
pages = {1689--1699},
title = {S\'intese e purifica\c{c}\~ao do \'acido acetilsalic\'ilico atrav\'es da recristaliza\c{c}\~ao utilizando diferentes tipos de solventes},
year = {2012},
volume = {53},
year = {2013},
school={Faculdade Est\'acio de S\'a, Santa Catarina},
}
@incollection{Goodman2005,
abstract = {Online version Includes the complete contents of the latest edition of Goodman {\&} Gilman's The Pharmacological basis of therapeutics along with updates and links to related material.},
author = {Goodman, Louis S. and Gilman, Alfred},
booktitle = {Tuberculosis drugs},
pages = {1203--1223},
title = {{Goodman {\&} Gilman's The Pharmacological Basis of Therapeutics, 11th Edition}},
year = {2005}
}
@article{Grassi2012,
abstract = {O objetivo nesta revis{\~{a}}o da literatura foi obter um maior conhecimento sobre os medicamentos antiagregantes plaquet{\'{a}}rios, perpassando sobre mecanismo de a{\c{c}}{\~{a}}o, as formas de tratamento e os problemas relacionados a eles. O farmac{\^{e}}utico inserido no contexto da multidisciplinaridade coloca em pr{\'{a}}tica a aten{\c{c}}{\~{a}}o farmac{\^{e}}utica. Nas doen{\c{c}}as tromboemb{\'{o}}licas suas a{\c{c}}{\~{o}}es perpassam desde a profilaxia, tratamento e nos problemas relacionados aos medicamentos, assim contribuindo para melhora da qualidade de vida dos pacientes.},
author = {Grassi, Elusa Abib},
journal = {Disc. Scientia.},
keywords = {antiplaquet{\'{a}}rios.,doen{\c{c}}as tromboemb{\'{o}}licas,terap{\^{e}}utica tromboemb{\'{o}}lica},
number = {1},
pages = {131--143},
title = {{Antiagregantes Plaquet{\'{a}}rios: Ampliando Conhecimento}},
volume = {13},
year = {2012}
}

@online{bulaaspirina,
author = {BAYER, S. A.},
title = {Bula do "{\'A}cido acetilsalic{\'i}lico"},
url = {http://www.anvisa.gov.br/datavisa/fila_bula/frmVisualizarBula.asp?pNuTransacao=23283922016&pIdAnexo=3915276},
urlaccessdate={18 jan. 2017},
}

@online{massabni2006,
author = {Antonio Carlos Massabni},
title = {Um velho medicamento com novos usos},
year = {2006},
address = {Araraquara},
url = {http://www.crq4.org.br/quimica_viva__aspirina},
urlaccessdate = {07 jan. 2017},
}

@thesis{lopes2011,
author = {Ricardo Oliveira Monteiro Lopes},
title = {Aspirina: aspectos culturais, hist{\'o}ricos cient{\'i}ficos},
type = {TCC (Graduaç{\~a}o)},
school = { Curso de Qu{\'i}mica, Instituto de Qu{\'i}mica, Universidade de Bras{\'i}lia},
year = {2011},
pages = {42},
}

@manual{ache2015,
author = {ACHE},
title = {A nova lei da intercambialidade},
year = {2015},
month = {fev},
type = {1 folder},
address = {Guarulhos, S\~ao Paulo},
url = {http://www.ache.com.br/arquivos/FOLHETO_INTERCAMBIALIDADE_PDV.pdf},
urlaccessdate = {9 jan. 2016},
}


@misc{teves,
title={{\'A}cido Acetilsalic{\'i}lico},
author={Teves, M. L. U.},
url={https://www.oswaldocruz.br/download/fichas/%C3%81cido%20acetilsalic%C3%ADlico2003.pdf},
year={2003},
urlaccessdate={16 jan. 2017},
}

@misc{aspirinabayer,
title={Hist{\'o}ria},
Author={Bayer, S. A.},
year={2016},
url={http://www.aspirina.com.br/pt/sobre-aspirina/historia/},
urlaccessdate={16 jan. 2017},
}

@Article{grassi2012,
author = {Grassi, E. A. and Ara\'ujo, M. C. },
title = {Antiagregantes plaquet\'arios: ampliando conhecimento},
journal = {S\'eries: Ci\^encias da Sa\'ude},
year = {2012},
volume = {13},
pages = {131-143},
}

@online{prade2006,
author = {Prade, L. Medeiros, C.},
title = {Consult\'orio M\'edico - \'Acido acetilsalic\'ilico},
year = {2006},
month={fev.},
url = {http://brasilpharma.com.br/site/pt/bem-estar-brasil-pharma/qual-a-diferenca-entre-um-medicamento-generico-e-similar/},
type={Revista Viva Sa\'ude},
urlaccessdate = {09 jan. 2017},
}

@thesis{fritzen2012,
author = {Fritzen, M. and Mendes, A. S. and Peruch, M. G. B.},
title = {S\'intese e purifica\c{c}\~ao do \'acido acetilsalic\'ilico atrav\'es da recristaliza\c{c}\~ao utilizando diferentes tipos de solventes},
year = {2012},
school={Faculdade Est\'acio de S\'a, Santa Catarina},
}
