@phdthesis{MENDESALINESOUZA;PERUCH2013,
abstract = {Predicting the binding mode of flexible polypeptides to proteins is an important task that falls outside the domain of applicability of most small molecule and protein−protein docking tools. Here, we test the small molecule flexible ligand docking program Glide on a set of 19 non-$\alpha$-helical peptides and systematically improve pose prediction accuracy by enhancing Glide sampling for flexible polypeptides. In addition, scoring of the poses was improved by post-processing with physics-based implicit solvent MM- GBSA calculations. Using the best RMSD among the top 10 scoring poses as a metric, the success rate (RMSD ≤ 2.0 {\AA} for the interface backbone atoms) increased from 21{\%} with default Glide SP settings to 58{\%} with the enhanced peptide sampling and scoring protocol in the case of redocking to the native protein structure. This approaches the accuracy of the recently developed Rosetta FlexPepDock method (63{\%} success for these 19 peptides) while being over 100 times faster. Cross-docking was performed for a subset of cases where an unbound receptor structure was available, and in that case, 40{\%} of peptides were docked successfully. We analyze the results and find that the optimized polypeptide protocol is most accurate for extended peptides of limited size and number of formal charges, defining a domain of applicability for this approach.},
archivePrefix = {arXiv},
arxivId = {arXiv:1011.1669v3},
author = {{MENDES, ALINE SOUZA ; PERUCH}, MARIA DA GLORIA BUGLIONE ; and FRITZEN, MARCIO FRITZEN},
booktitle = {Journal of Chemical Information and Modeling},
doi = {10.1017/CBO9781107415324.004},
eprint = {arXiv:1011.1669v3},
isbn = {9788578110796},
issn = {1098-6596},
keywords = {aspirina,purifica{\c{c}}{\~{a}}o,s{\'{i}}ntese qu{\'{i}}mica},
number = {9},
pages = {1689--1699},
pmid = {25246403},
title = {{S{\'{I}}NTESE E PURIFICA{\c{C}}{\~{A}}O DO {\'{A}}CIDO ACETILSALIC{\'{I}}LICO ATRAV{\'{E}}S DA RECRISTALIZA{\c{C}}{\~{A}}O UTILIZANDO DIFERENTES TIPOS DE SOLVENTES}},
volume = {53},
year = {2013}
}
@incollection{Goodman2005,
abstract = {Online version Includes the complete contents of the latest edition of Goodman {\&} Gilman's The Pharmacological basis of therapeutics along with updates and links to related material.},
author = {Goodman, Louis S. and Gilman, Alfred},
booktitle = {Tuberculosis drugs},
isbn = {0071422803 9780071422802},
pages = {1203--1223},
title = {{Goodman {\&} Gilman's The Pharmacological Basis of Therapeutics, 11th Edition}},
year = {2005}
}
@article{Grassi2012,
abstract = {O objetivo nesta revis{\~{a}}o da literatura foi obter um maior conhecimento sobre os medicamentos antiagregantes plaquet{\'{a}}rios, perpassando sobre mecanismo de a{\c{c}}{\~{a}}o, as formas de tratamento e os problemas relacionados a eles. O farmac{\^{e}}utico inserido no contexto da multidisciplinaridade coloca em pr{\'{a}}tica a aten{\c{c}}{\~{a}}o farmac{\^{e}}utica. Nas doen{\c{c}}as tromboemb{\'{o}}licas suas a{\c{c}}{\~{o}}es perpassam desde a profilaxia, tratamento e nos problemas relacionados aos medicamentos, assim contribuindo para melhora da qualidade de vida dos pacientes.},
author = {Grassi, Elusa Abib},
journal = {Disc. Scientia.},
keywords = {antiplaquet{\'{a}}rios.,doen{\c{c}}as tromboemb{\'{o}}licas,terap{\^{e}}utica tromboemb{\'{o}}lica},
number = {1},
pages = {131--143},
title = {{Antiagregantes Plaquet{\'{a}}rios: Ampliando Conhecimento}},
volume = {13},
year = {2012}
}
